<?xml version="1.0" encoding="UTF-8"?><collection xmlns="http://www.loc.gov/MARC21/slim"><record><leader>00633nam--2200169-u-4500</leader><controlfield tag="001">000052715</controlfield><controlfield tag="002">20161230</controlfield><controlfield tag="005">20161230201050</controlfield><controlfield tag="008">101005s1000------------r-----000-0-eng-d</controlfield><datafield ind1=" " ind2=" " tag="040"><subfield code="a">IFIN-HH</subfield></datafield><datafield ind1=" " ind2=" " tag="080"><subfield code="a">533.95</subfield></datafield><datafield ind1="1" ind2=" " tag="110"><subfield code="a">The Abdus Salam International Centre for Theoretical Physics</subfield></datafield><datafield ind1="1" ind2="0" tag="245"><subfield code="a">Twelve Years of UNU/ICTP PFF. A Review</subfield><subfield code="b">Proccedings of Satellite Meeting of the International Meeting on Frontires of Physics. October 30, 1998, Kuala Lumpur, Malaysia</subfield><subfield code="c">S. Lee, S.P. Moo, C.S. Wong, A.C. Chew (Eds.)</subfield></datafield><datafield ind1=" " ind2=" " tag="260"><subfield code="a">Trieste</subfield><subfield code="b">Miramare</subfield><subfield code="c">1998</subfield></datafield><datafield ind1=" " ind2=" " tag="300"><subfield code="a">101 p</subfield></datafield><datafield ind1=" " ind2=" " tag="852"><subfield code="a">81291</subfield><subfield code="c">533.9</subfield></datafield><datafield ind1=" " ind2=" " tag="CAT"><subfield code="a">Sys</subfield><subfield code="c">20101005</subfield><subfield code="h">100135</subfield></datafield></record></collection>